<record><leader>00000cas a2200000 i 4500</leader><controlfield tag="001">857119712</controlfield><controlfield tag="006">m     o  d        </controlfield><controlfield tag="007">cr |||||||||||</controlfield><controlfield tag="008">130828d18531865ohuwr neo     0   a0eng  </controlfield><datafield ind1=" " ind2=" " tag="010"><subfield code="a">  2013218942</subfield></datafield><datafield ind1=" " ind2=" " tag="040"><subfield code="a">DLC</subfield><subfield code="b">eng</subfield><subfield code="e">rda</subfield><subfield code="c">DLC</subfield><subfield code="d">DLC</subfield><subfield code="d">OCLCF</subfield></datafield><datafield ind1="0" ind2=" " tag="022"><subfield code="a">2330-720X</subfield><subfield code="2">1</subfield></datafield><datafield ind1="1" ind2=" " tag="029"><subfield code="a">NZ1</subfield><subfield code="b">15124609</subfield></datafield><datafield ind1=" " ind2=" " tag="042"><subfield code="a">pcc</subfield><subfield code="a">nsdp</subfield></datafield><datafield ind1=" " ind2=" " tag="043"><subfield code="a">n-us-oh</subfield></datafield><datafield ind1="1" ind2="0" tag="050"><subfield code="a">ISSN RECORD</subfield></datafield><datafield ind1="0" ind2="0" tag="082"><subfield code="a">071</subfield><subfield code="2">23</subfield></datafield><datafield ind1="0" ind2=" " tag="130"><subfield code="a">M'arthur Democrat (Online)</subfield></datafield><datafield ind1=" " ind2="0" tag="222"><subfield code="a">M'arthur Democrat</subfield><subfield code="b">(Online)</subfield></datafield><datafield ind1="1" ind2="0" tag="245"><subfield code="a">M'arthur Democrat.</subfield></datafield><datafield ind1="3" ind2="0" tag="246"><subfield code="a">McArthur Democrat</subfield></datafield><datafield ind1=" " ind2="1" tag="264"><subfield code="a">M'Arthur, Vinton Co., O. [Ohio] :</subfield><subfield code="b">E.A. Bratton,</subfield><subfield code="c">-1865.</subfield></datafield><datafield ind1=" " ind2=" " tag="310"><subfield code="a">Weekly</subfield></datafield><datafield ind1=" " ind2=" " tag="336"><subfield code="a">text</subfield><subfield code="b">txt</subfield><subfield code="2">rdacontent</subfield></datafield><datafield ind1=" " ind2=" " tag="337"><subfield code="a">computer</subfield><subfield code="b">c</subfield><subfield code="2">rdamedia</subfield></datafield><datafield ind1=" " ind2=" " tag="338"><subfield code="a">online resource</subfield><subfield code="b">cr</subfield><subfield code="2">rdacarrier</subfield></datafield><datafield ind1="1" ind2=" " tag="362"><subfield code="a">Began with August 26, 1853 issue; ceased with vol. 14, no. 21 (December 28, 1865).</subfield></datafield><datafield ind1=" " ind2=" " tag="500"><subfield code="a">Title varies slightly.</subfield></datafield><datafield ind1=" " ind2=" " tag="588"><subfield code="a">Description based on: Vol. 3, no. 20 (Jan. 5, 1855); title from masthead (Chroniclingamerica.loc.gov, viewed August 28, 2013).</subfield></datafield><datafield ind1=" " ind2=" " tag="588"><subfield code="a">Latest issue consulted: Vol. 14, no. 21 (December 28, 1865) (Chroniclingamerica.loc.gov, viewed August 28, 2013).</subfield></datafield><datafield ind1=" " ind2="0" tag="651"><subfield code="a">McArthur (Ohio)</subfield><subfield code="v">Newspapers.</subfield></datafield><datafield ind1=" " ind2="7" tag="655"><subfield code="a">Newspapers.</subfield><subfield code="2">fast</subfield><subfield code="0">(OCoLC)fst01423814</subfield></datafield><datafield ind1=" " ind2="7" tag="651"><subfield code="a">Ohio</subfield><subfield code="z">McArthur.</subfield><subfield code="2">fast</subfield><subfield code="0">(OCoLC)fst01269919</subfield></datafield><datafield ind1=" " ind2=" " tag="752"><subfield code="a">United States</subfield><subfield code="b">Ohio</subfield><subfield code="c">Vinton</subfield><subfield code="d">McArthur.</subfield></datafield><datafield ind1="0" ind2="8" tag="776"><subfield code="i">Originally issued in print:</subfield><subfield code="t">M'arthur Democrat</subfield><subfield code="x">2330-7196</subfield><subfield code="w">(DLC)sn 87075163</subfield><subfield code="w">(OCoLC)16896466</subfield></datafield><datafield ind1="0" ind2="0" tag="780"><subfield code="t">Vinton County flag (online)</subfield></datafield><datafield ind1="0" ind2="0" tag="785"><subfield code="t">Vinton record (McArthur, Ohio : 1866 : Online)</subfield><subfield code="x">2330-6157</subfield><subfield code="w">(DLC)  2013218931</subfield><subfield code="w">(OCoLC)856530463</subfield></datafield><datafield ind1="4" ind2="0" tag="856"><subfield code="u">http://chroniclingamerica.loc.gov/lccn/sn87075163/issues</subfield></datafield></record>